@STRING{cvpr     = "Proc. IEEE/CVF Conf. Comput. Vis. Pattern Recognit."}
@STRING{iccv     = "Proc.IEEE/CVF Int. Conf. Comput. Vis."}
@STRING{icra     = "Proc.IEEE Int. Conf. Robot. Automat."}
@STRING{iros     = "Proc. IEEE/RSJ Int. Conf. Intell. Robots Syst."}
@STRING{iccvw     = "Int. Conf. Comput. Vis. Worksh."}

%---------------------------------------------------------------

@ARTICLE{Figueredo:2009dg,
   author = {Figueredo, A.~J. and Wolf, P. S.~A.},
   title = {Assortative pairing and life history strategy -- a cross-cultural study},
   journal = {Human Nature},
   volume = {20},
   pages = {317-330},
   year = {2009},
   doi={https://doi.org/10.1007/s12110-009-9068-2}
}

@MISC{Hao:gidmaps:2014,
  author = {Hao, Z. and AghaKouchak, A. and Nakhjiri, N. and Farahmand, A},
  year = {2014},
  title = {Global integrated drought monitoring and prediction system ({GIDMaPS}) data sets},
  howpublished = {\emph{figshare} \url{http://dx.doi.org/10.6084/m9.figshare.853801}}
}

%-------------------------------------------------------------------------

@inproceedings{pang2022masked,
  title={Masked autoencoders for point cloud self-supervised learning},
  author={Pang, Yatian and Wang, Wenxiao and Tay, Francis EH and Liu, Wei and Tian, Yonghong and Yuan, Li},
  booktitle={European conference on computer vision},
  pages={604--621},
  year={2022},
  organization={Springer}
}

@article{chang2015shapenet,
  title={ShapeNet: An information-rich 3d model repository},
  author={Chang, Angel X and Funkhouser, Thomas and Guibas, Leonidas and Hanrahan, Pat and Huang, Qixing and Li, Zimo and Savarese, Silvio and Savva, Manolis and Song, Shuran and Su, Hao and others},
  journal={arXiv preprint arXiv:1512.03012},
  year={2015}
}

%----------------------------------FusionAD-----------------------------

@inproceedings{woo2018cbam,
  title={{CBAM}: Convolutional block attention module},
  author={Woo, Sanghyun and Park, Jongchan and Lee, Joon-Young and Kweon, In So},
  booktitle={Proceedings of the European conference on computer vision (ECCV)},
  pages={3--19},
  year={2018}
}

@inproceedings{liu2023simplenet,
  title={{SimpleNet}: A simple network for image anomaly detection and localization},
  author={Liu, Zhikang and Zhou, Yiming and Xu, Yuansheng and Wang, Zilei},
  booktitle={Proceedings of the IEEE/CVF conference on computer vision and pattern recognition},
  pages={20402--20411},
  year={2023}
}

@inproceedings{yang2024depth,
  title={{Depth Anything}: Unleashing the power of large-scale unlabeled data},
  author={Yang, Lihe and Kang, Bingyi and Huang, Zilong and Xu, Xiaogang and Feng, Jiashi and Zhao, Hengshuang},
  booktitle={Proceedings of the IEEE/CVF Conference on Computer Vision and Pattern Recognition},
  pages={10371--10381},
  year={2024}
}

@inproceedings{bergmann2019mvtec,
  title={MVTec AD--A comprehensive real-world dataset for unsupervised anomaly detection},
  author={Bergmann, Paul and Fauser, Michael and Sattlegger, David and Steger, Carsten},
  booktitle={Proceedings of the IEEE/CVF conference on computer vision and pattern recognition},
  pages={9592--9600},
  year={2019}
}

@inproceedings{zou2022spot,
  title={Spot-the-difference self-supervised pre-training for anomaly detection and segmentation},
  author={Zou, Yang and Jeong, Jongheon and Pemula, Latha and Zhang, Dongqing and Dabeer, Onkar},
  booktitle={European Conference on Computer Vision},
  pages={392--408},
  year={2022},
  organization={Springer}
}

@article{tax2004support,
  title={Support vector data description},
  author={Tax, David MJ and Duin, Robert PW},
  journal={Machine learning},
  volume={54},
  pages={45--66},
  year={2004},
  publisher={Springer}
}

@inproceedings{yi2020patch,
  title={{Patch SVDD}: Patch-level svdd for anomaly detection and segmentation},
  author={Yi, Jihun and Yoon, Sungroh},
  booktitle={Proceedings of the Asian conference on computer vision},
  year={2020}
}

@inproceedings{he2016deep,
  title={Deep residual learning for image recognition},
  author={He, Kaiming and Zhang, Xiangyu and Ren, Shaoqing and Sun, Jian},
  booktitle={Proceedings of the IEEE conference on computer vision and pattern recognition},
  pages={770--778},
  year={2016}
}

@inproceedings{li2021anomaly,
  title={Anomaly detection via self-organizing map},
  author={Li, Ning and Jiang, Kaitao and Ma, Zhiheng and Wei, Xing and Hong, Xiaopeng and Gong, Yihong},
  booktitle={2021 IEEE International Conference on Image Processing (ICIP)},
  pages={974--978},
  year={2021},
  organization={IEEE}
}

@article{wan2021industrial,
  title={Industrial image anomaly localization based on Gaussian clustering of pretrained feature},
  author={Wan, Qian and Gao, Liang and Li, Xinyu and Wen, Long},
  journal={IEEE Transactions on Industrial Electronics},
  volume={69},
  number={6},
  pages={6182--6192},
  year={2021},
  publisher={IEEE}
}

@article{chung2020unsupervised,
  title={Unsupervised anomaly detection using style distillation},
  author={Chung, Hwehee and Park, Jongho and Keum, Jongsoo and Ki, Hongdo and Kang, Seokho},
  journal={IEEE Access},
  volume={8},
  pages={221494--221502},
  year={2020},
  publisher={IEEE}
}

@article{yan2021unsupervised,
  title={Unsupervised anomaly segmentation via multilevel image reconstruction and adaptive attention-level transition},
  author={Yan, Yi and Wang, Deming and Zhou, Guangliang and Chen, Qijun},
  journal={IEEE Transactions on Instrumentation and Measurement},
  volume={70},
  pages={1--12},
  year={2021},
  publisher={IEEE}
}

@inproceedings{zhou2020encoding,
  title={Encoding structure-texture relation with p-net for anomaly detection in retinal images},
  author={Zhou, Kang and Xiao, Yuting and Yang, Jianlong and Cheng, Jun and Liu, Wen and Luo, Weixin and Gu, Zaiwang and Liu, Jiang and Gao, Shenghua},
  booktitle={Computer Vision--ECCV 2020: 16th European Conference, Glasgow, UK, August 23--28, 2020, Proceedings, Part XX 16},
  pages={360--377},
  year={2020},
  organization={Springer}
}

@inproceedings{collin2021improved,
  title={Improved anomaly detection by training an autoencoder with skip connections on images corrupted with stain-shaped noise},
  author={Collin, Anne-Sophie and De Vleeschouwer, Christophe},
  booktitle={2020 25th International Conference on Pattern Recognition (ICPR)},
  pages={7915--7922},
  year={2021},
  organization={IEEE}
}

@article{tao2022unsupervised,
  title={Unsupervised anomaly detection for surface defects with dual-siamese network},
  author={Tao, Xian and Zhang, Dapeng and Ma, Wenzhi and Hou, Zhanxin and Lu, ZhenFeng and Adak, Chandranath},
  journal={IEEE Transactions on Industrial Informatics},
  volume={18},
  number={11},
  pages={7707--7717},
  year={2022},
  publisher={IEEE}
}

@inproceedings{mishra2021vt,
  title={{VT-ADL}: A vision transformer network for image anomaly detection and localization},
  author={Mishra, Pankaj and Verk, Riccardo and Fornasier, Daniele and Piciarelli, Claudio and Foresti, Gian Luca},
  booktitle={2021 IEEE 30th International Symposium on Industrial Electronics (ISIE)},
  pages={01--06},
  year={2021},
  organization={IEEE}
}

@inproceedings{you2022adtr,
  title={{ADTR}: Anomaly detection transformer with feature reconstruction},
  author={You, Zhiyuan and Yang, Kai and Luo, Wenhan and Cui, Lei and Zheng, Yu and Le, Xinyi},
  booktitle={International Conference on Neural Information Processing},
  pages={298--310},
  year={2022},
  organization={Springer}
}

@article{lee2022anovit,
  title={{AnoViT}: Unsupervised anomaly detection and localization with vision transformer-based encoder-decoder},
  author={Lee, Yunseung and Kang, Pilsung},
  journal={IEEE Access},
  volume={10},
  pages={46717--46724},
  year={2022},
  publisher={IEEE}
}

@inproceedings{wyatt2022anoddpm,
  title={{AnoDDPM}: Anomaly detection with denoising diffusion probabilistic models using simplex noise},
  author={Wyatt, Julian and Leach, Adam and Schmon, Sebastian M and Willcocks, Chris G},
  booktitle={Proceedings of the IEEE/CVF conference on computer vision and pattern recognition},
  pages={650--656},
  year={2022}
}

@article{zhang2021anomaly,
  title={Anomaly detection using improved deep SVDD model with data structure preservation},
  author={Zhang, Zheng and Deng, Xiaogang},
  journal={Pattern Recognition Letters},
  volume={148},
  pages={1--6},
  year={2021},
  publisher={Elsevier}
}

@inproceedings{hu2021semantic,
  title={A semantic-enhanced method based on deep SVDD for pixel-wise anomaly detection},
  author={Hu, Chuanfei and Chen, Kai and Shao, Hang},
  booktitle={2021 IEEE International Conference on Multimedia and Expo (ICME)},
  pages={1--6},
  year={2021},
  organization={IEEE}
}

@article{massoli2021mocca,
  title={{MOCCA}: Multilayer one-class classification for anomaly detection},
  author={Massoli, Fabio Valerio and Falchi, Fabrizio and Kantarci, Alperen and Akti, {\c{S}}eymanur and Ekenel, Hazim Kemal and Amato, Giuseppe},
  journal={IEEE transactions on neural networks and learning systems},
  volume={33},
  number={6},
  pages={2313--2323},
  year={2021},
  publisher={IEEE}
}

@inproceedings{rudolph2023asymmetric,
  title={Asymmetric student-teacher networks for industrial anomaly detection},
  author={Rudolph, Marco and Wehrbein, Tom and Rosenhahn, Bodo and Wandt, Bastian},
  booktitle={Proceedings of the IEEE/CVF winter conference on applications of computer vision},
  pages={2592--2602},
  year={2023}
}

@inproceedings{gu2024rethinking,
  title={Rethinking reverse distillation for multi-modal anomaly detection},
  author={Gu, Zhihao and Zhang, Jiangning and Liu, Liang and Chen, Xu and Peng, Jinlong and Gan, Zhenye and Jiang, Guannan and Shu, Annan and Wang, Yabiao and Ma, Lizhuang},
  booktitle={Proceedings of the AAAI Conference on Artificial Intelligence},
  volume={38},
  number={8},
  pages={8445--8453},
  year={2024}
}

@inproceedings{wang2023multimodal,
  title={Multimodal industrial anomaly detection via hybrid fusion},
  author={Wang, Yue and Peng, Jinlong and Zhang, Jiangning and Yi, Ran and Wang, Yabiao and Wang, Chengjie},
  booktitle={Proceedings of the IEEE/CVF Conference on Computer Vision and Pattern Recognition},
  pages={8032--8041},
  year={2023}
}

@article{cao2024complementary,
  title={Complementary pseudo multimodal feature for point cloud anomaly detection},
  author={Cao, Yunkang and Xu, Xiaohao and Shen, Weiming},
  journal={Pattern Recognition},
  volume={156},
  pages={110761},
  year={2024},
  publisher={Elsevier}
}

@inproceedings{chu2023shape,
  title={Shape-guided dual-memory learning for 3D anomaly detection},
  author={Chu, Yu-Min and Liu, Chieh and Hsieh, Ting-I and Chen, Hwann-Tzong and Liu, Tyng-Luh},
  booktitle={Proceedings of the 40th International Conference on Machine Learning},
  pages={6185--6194},
  year={2023}
}

@inproceedings{tu2024self,
  title={Self-supervised feature adaptation for 3d industrial anomaly detection},
  author={Tu, Yuanpeng and Zhang, Boshen and Liu, Liang and Li, Yuxi and Zhang, Jiangning and Wang, Yabiao and Wang, Chengjie and Zhao, Cairong},
  booktitle={European Conference on Computer Vision},
  pages={75--91},
  year={2024},
  organization={Springer}
}

@article{sui2024cross,
  title={Cross-Modal Distillation in Industrial Anomaly Detection: Exploring Efficient Multi-Modal IAD},
  author={Sui, Wenbo and Lichau, Daniel and Lef{\`e}vre, Josselin and Phelippeau, Harold},
  journal={arXiv e-prints},
  pages={arXiv--2405},
  year={2024}
}

@article{wang2024incremental,
  title={Incremental template neighborhood matching for 3D anomaly detection},
  author={Wang, Jiaxun and Wang, Xiang and Hao, Ruiyang and Yin, Haonan and Huang, Biqing and Xu, Xiao and Liu, Jingxian},
  journal={Neurocomputing},
  volume={581},
  pages={127483},
  year={2024},
  publisher={Elsevier}
}

@inproceedings{chen2023easynet,
  title={{EasyNet}: An easy network for 3d industrial anomaly detection},
  author={Chen, Ruitao and Xie, Guoyang and Liu, Jiaqi and Wang, Jinbao and Luo, Ziqi and Wang, Jinfan and Zheng, Feng},
  booktitle={Proceedings of the 31st ACM International Conference on Multimedia},
  pages={7038--7046},
  year={2023}
}

@inproceedings{zavrtanik2024cheating,
  title={{Cheating Depth}: Enhancing 3d surface anomaly detection via depth simulation},
  author={Zavrtanik, Vitjan and Kristan, Matej and Sko{\v{c}}aj, Danijel},
  booktitle={Proceedings of the IEEE/CVF Winter Conference on Applications of Computer Vision},
  pages={2164--2172},
  year={2024}
}

@inproceedings{costanzino2024multimodal,
  title={Multimodal industrial anomaly detection by crossmodal feature mapping},
  author={Costanzino, Alex and Ramirez, Pierluigi Zama and Lisanti, Giuseppe and Di Stefano, Luigi},
  booktitle={Proceedings of the IEEE/CVF Conference on Computer Vision and Pattern Recognition},
  pages={17234--17243},
  year={2024}
}

@article{zavrtanik2024keep,
  title={Keep dr{\ae}ming: discriminative 3d anomaly detection through anomaly simulation},
  author={Zavrtanik, Vitjan and Kristan, Matej and Sko{\v{c}}aj, Danijel},
  journal={Pattern Recognition Letters},
  volume={181},
  pages={113--119},
  year={2024},
  publisher={Elsevier}
}

@inproceedings{bi2024dual,
  title={Dual-branch reconstruction network for industrial anomaly detection with RGB-D data},
  author={Bi, Chenyang and Li, Yueyang and Luo, Haichi},
  booktitle={International Conference on Image, Signal Processing, and Pattern Recognition (ISPP 2024)},
  volume={13180},
  pages={767--774},
  year={2024},
  organization={SPIE}
}

@inproceedings{chu2020neural,
  title={Neural batch sampling with reinforcement learning for semi-supervised anomaly detection},
  author={Chu, Wen-Hsuan and Kitani, Kris M},
  booktitle={Computer Vision--ECCV 2020: 16th European Conference, Glasgow, UK, August 23--28, 2020, Proceedings, Part XXVI 16},
  pages={751--766},
  year={2020},
  organization={Springer}
}

@inproceedings{venkataramanan2020attention,
  title={Attention guided anomaly localization in images},
  author={Venkataramanan, Shashanka and Peng, Kuan-Chuan and Singh, Rajat Vikram and Mahalanobis, Abhijit},
  booktitle={European Conference on Computer Vision},
  pages={485--503},
  year={2020},
  organization={Springer}
}

@inproceedings{baitieva2024supervised,
  title={Supervised Anomaly Detection for Complex Industrial Images},
  author={Baitieva, Aimira and Hurych, David and Besnier, Victor and Bernard, Olivier},
  booktitle={Proceedings of the IEEE/CVF Conference on Computer Vision and Pattern Recognition},
  pages={17754--17762},
  year={2024}
}

@inproceedings{chadha2019comparison,
  title={Comparison of semi-supervised deep neural networks for anomaly detection in industrial processes},
  author={Chadha, Gavneet Singh and Rabbani, Arfyan and Schwung, Andreas},
  booktitle={2019 IEEE 17th international conference on industrial informatics (INDIN)},
  volume={1},
  pages={214--219},
  year={2019},
  organization={IEEE}
}

@inproceedings{ding2022catching,
  title={Catching both gray and black swans: Open-set supervised anomaly detection},
  author={Ding, Choubo and Pang, Guansong and Shen, Chunhua},
  booktitle={Proceedings of the IEEE/CVF conference on computer vision and pattern recognition},
  pages={7388--7398},
  year={2022}
}

%--------------Reconstruction-based methods [8, 10, 34, 37, 48, 51]-------------------

@inproceedings{deecke2019image,
  title={Image anomaly detection with generative adversarial networks},
  author={Deecke, Lucas and Vandermeulen, Robert and Ruff, Lukas and Mandt, Stephan and Kloft, Marius},
  booktitle={Machine Learning and Knowledge Discovery in Databases: European Conference, ECML PKDD 2018, Dublin, Ireland, September 10--14, 2018, Proceedings, Part I 18},
  pages={3--17},
  year={2019},
  organization={Springer}
}

@inproceedings{perera2019ocgan,
  title={{OCGAN}: One-class novelty detection using gans with constrained latent representations},
  author={Perera, Pramuditha and Nallapati, Ramesh and Xiang, Bing},
  booktitle={Proceedings of the IEEE/CVF conference on computer vision and pattern recognition},
  pages={2898--2906},
  year={2019}
}

%-------------- Embedding-based methods-------------------

@inproceedings{bergmann2020uninformed,
  title={Uninformed students: Student-teacher anomaly detection with discriminative latent embeddings},
  author={Bergmann, Paul and Fauser, Michael and Sattlegger, David and Steger, Carsten},
  booktitle={Proceedings of the IEEE/CVF conference on computer vision and pattern recognition},
  pages={4183--4192},
  year={2020}
}

@inproceedings{salehi2021multiresolution,
  title={Multiresolution knowledge distillation for anomaly detection},
  author={Salehi, Mohammadreza and Sadjadi, Niousha and Baselizadeh, Soroosh and Rohban, Mohammad H and Rabiee, Hamid R},
  booktitle={Proceedings of the IEEE/CVF conference on computer vision and pattern recognition},
  pages={14902--14912},
  year={2021}
}

@article{wan2022unsupervised,
  title={Unsupervised image anomaly detection and segmentation based on pretrained feature mapping},
  author={Wan, Qian and Gao, Liang and Li, Xinyu and Wen, Long},
  journal={IEEE Transactions on Industrial Informatics},
  volume={19},
  number={3},
  pages={2330--2339},
  year={2022},
  publisher={IEEE}
}

@inproceedings{gu2023remembering,
  title={Remembering normality: Memory-guided knowledge distillation for unsupervised anomaly detection},
  author={Gu, Zhihao and Liu, Liang and Chen, Xu and Yi, Ran and Zhang, Jiangning and Wang, Yabiao and Wang, Chengjie and Shu, Annan and Jiang, Guannan and Ma, Lizhuang},
  booktitle={Proceedings of the IEEE/CVF International Conference on Computer Vision},
  pages={16401--16409},
  year={2023}
}

@article{tong2024enhanced,
  title={Enhanced multi-scale features mutual mapping fusion based on reverse knowledge distillation for industrial anomaly detection and localization},
  author={Tong, Guoxiang and Li, Quanquan and Song, Yan},
  journal={IEEE Transactions on Big Data},
  volume={10},
  number={4},
  pages={498--513},
  year={2024},
  publisher={IEEE}
}

@inproceedings{defard2021padim,
  title={{PaDiM}: a patch distribution modeling framework for anomaly detection and localization},
  author={Defard, Thomas and Setkov, Aleksandr and Loesch, Angelique and Audigier, Romaric},
  booktitle={International conference on pattern recognition},
  pages={475--489},
  year={2021},
  organization={Springer}
}

@inproceedings{bae2023pni,
  title={{PNI}: Industrial anomaly detection using position and neighborhood information},
  author={Bae, Jaehyeok and Lee, Jae-Han and Kim, Seyun},
  booktitle={Proceedings of the IEEE/CVF International Conference on Computer Vision},
  pages={6373--6383},
  year={2023}
}

@inproceedings{zuo2024reconstruction,
  title={A reconstruction-based feature adaptation for anomaly detection with self-supervised multi-scale aggregation},
  author={Zuo, Zuo and Wu, Zongze and Chen, Badong and Zhong, Xiaopin},
  booktitle={ICASSP 2024-2024 IEEE International Conference on Acoustics, Speech and Signal Processing (ICASSP)},
  pages={5840--5844},
  year={2024},
  organization={IEEE}
}

@inproceedings{hyun2024reconpatch,
  title={{ReConPatch}: Contrastive patch representation learning for industrial anomaly detection},
  author={Hyun, Jeeho and Kim, Sangyun and Jeon, Giyoung and Kim, Seung Hwan and Bae, Kyunghoon and Kang, Byung Jun},
  booktitle={Proceedings of the IEEE/CVF Winter Conference on Applications of Computer Vision},
  pages={2052--2061},
  year={2024}
}

@article{shi2021dfr,
  title={{DFR}: Deep feature reconstruction for unsupervised anomaly segmentation},
  author={Shi, Y and Yang, J and Qi, Z},
  journal={Neurocomputing},
  volume={424},
  pages={9--22},
  year={2021}
}

@inproceedings{hou2021divide,
  title={{Divide-and-Assemble}: Learning block-wise memory for unsupervised anomaly detection},
  author={Hou, Jinlei and Zhang, Yingying and Zhong, Qiaoyong and Xie, Di and Pu, Shiliang and Zhou, Hong},
  booktitle={Proceedings of the IEEE/CVF International Conference on Computer Vision},
  pages={8791--8800},
  year={2021}
}

@inproceedings{zavrtanik2021draem,
  title={{DRAEM}-a discriminatively trained reconstruction embedding for surface anomaly detection},
  author={Zavrtanik, Vitjan and Kristan, Matej and Sko{\v{c}}aj, Danijel},
  booktitle={Proceedings of the IEEE/CVF international conference on computer vision},
  pages={8330--8339},
  year={2021}
}

@inproceedings{zavrtanik2022dsr,
  title={{DSR}--a dual subspace re-projection network for surface anomaly detection},
  author={Zavrtanik, Vitjan and Kristan, Matej and Sko{\v{c}}aj, Danijel},
  booktitle={European conference on computer vision},
  pages={539--554},
  year={2022},
  organization={Springer}
}

@inproceedings{fang2023fastrecon,
  title={{FastRecon}: Few-shot industrial anomaly detection via fast feature reconstruction},
  author={Fang, Zheng and Wang, Xiaoyang and Li, Haocheng and Liu, Jiejie and Hu, Qiugui and Xiao, Jimin},
  booktitle={Proceedings of the IEEE/CVF International Conference on Computer Vision},
  pages={17481--17490},
  year={2023}
}

@inproceedings{zhang2024realnet,
  title={{RealNet}: A feature selection network with realistic synthetic anomaly for anomaly detection},
  author={Zhang, Ximiao and Xu, Min and Zhou, Xiuzhuang},
  booktitle={Proceedings of the IEEE/CVF conference on computer vision and pattern recognition},
  pages={16699--16708},
  year={2024}
}

@inproceedings{yan2021learning,
  title={Learning semantic context from normal samples for unsupervised anomaly detection},
  author={Yan, Xudong and Zhang, Huaidong and Xu, Xuemiao and Hu, Xiaowei and Heng, Pheng-Ann},
  booktitle={Proceedings of the AAAI conference on artificial intelligence},
  volume={35},
  number={4},
  pages={3110--3118},
  year={2021}
}

@article{song2021anoseg,
  title={{AnoSeg}: Anomaly segmentation network using self-supervised learning},
  author={Song, Jouwon and Kong, Kyeongbo and Park, Ye-In and Kim, Seong-Gyun and Kang, Suk-Ju},
  journal={arXiv preprint arXiv:2110.03396},
  year={2021}
}

@article{liang2023omni,
  title={Omni-frequency channel-selection representations for unsupervised anomaly detection},
  author={Liang, Yufei and Zhang, Jiangning and Zhao, Shiwei and Wu, Runze and Liu, Yong and Pan, Shuwen},
  journal={IEEE Transactions on Image Processing},
  volume={32},
  pages={4327--4340},
  year={2023},
  publisher={IEEE}
}

@article{goodfellow2014generative,
  title={Generative adversarial nets},
  author={Goodfellow, Ian J and Pouget-Abadie, Jean and Mirza, Mehdi and Xu, Bing and Warde-Farley, David and Ozair, Sherjil and Courville, Aaron and Bengio, Yoshua},
  journal={Advances in neural information processing systems},
  volume={27},
  year={2014}
}

@article{de2022masked,
  title={Masked transformer for image anomaly localization},
  author={De Nardin, Axel and Mishra, Pankaj and Foresti, Gian Luca and Piciarelli, Claudio},
  journal={International Journal of Neural Systems},
  volume={32},
  number={07},
  pages={2250030},
  year={2022},
  publisher={World Scientific}
}

@inproceedings{yao2023focus,
  title={Focus the discrepancy: Intra-and inter-correlation learning for image anomaly detection},
  author={Yao, Xincheng and Li, Ruoqi and Qian, Zefeng and Luo, Yan and Zhang, Chongyang},
  booktitle={Proceedings of the IEEE/CVF International Conference on Computer Vision},
  pages={6803--6813},
  year={2023}
}

@article{luo2024ami,
  title={{AMI-Net}: Adaptive mask inpainting network for industrial anomaly detection and localization},
  author={Luo, Wei and Yao, Haiming and Yu, Wenyong and Li, Zhengyong},
  journal={IEEE Transactions on Automation Science and Engineering},
  year={2024},
  publisher={IEEE}
}


@inproceedings{zhang2023unsupervised,
  title={Unsupervised surface anomaly detection with diffusion probabilistic model},
  author={Zhang, Xinyi and Li, Naiqi and Li, Jiawei and Dai, Tao and Jiang, Yong and Xia, Shu-Tao},
  booktitle={Proceedings of the IEEE/CVF International Conference on Computer Vision},
  pages={6782--6791},
  year={2023}
}

@inproceedings{lu2023removing,
  title={Removing anomalies as noises for industrial defect localization},
  author={Lu, Fanbin and Yao, Xufeng and Fu, Chi-Wing and Jia, Jiaya},
  booktitle={Proceedings of the IEEE/CVF International Conference on Computer Vision},
  pages={16166--16175},
  year={2023}
}

@inproceedings{fuvcka2024transfusion,
  title={{TransFusion}--a transparency-based diffusion model for anomaly detection},
  author={Fu{\v{c}}ka, Matic and Zavrtanik, Vitjan and Sko{\v{c}}aj, Danijel},
  booktitle={European conference on computer vision},
  pages={91--108},
  year={2024},
  organization={Springer}
}

@inproceedings{tebbe2024dynamic,
  title={Dynamic addition of noise in a diffusion model for anomaly detection},
  author={Tebbe, Justin and Tayyub, Jawad},
  booktitle={Proceedings of the IEEE/CVF Conference on Computer Vision and Pattern Recognition},
  pages={3940--3949},
  year={2024}
}

@article{mosca2024vista,
  title={{VISTA}-Vision-based inspection system for automated testing of aircraft interiors: A panoramic view},
  author={Mosca, Nicola and Ren{\`o}, Vito and Nitti, Massimiliano and Patruno, Cosimo and Negri, Simone Pio and Stella, Ettore},
  journal={Results in Engineering},
  volume={24},
  pages={103168},
  year={2024},
  publisher={Elsevier}
}

@article{cui2024cutting,
  title={A cutting-edge video anomaly detection method using image quality assessment and attention mechanism-based deep learning},
  author={Cui, Chunying and Liu, Linlin and Qiao, Rui},
  journal={Alexandria Engineering Journal},
  volume={108},
  pages={476--485},
  year={2024},
  publisher={Elsevier}
}

@article{dabous2025artificial,
  title={Artificial intelligence applications in pavement infrastructure damage detection with automated three-dimensional imaging--A systematic review},
  author={Dabous, Saleh Abu and Ait Gacem, Mohamed and Zeiada, Waleed and Hamad, Khaled and Al-Ruzouq, Rami},
  journal={Alexandria Engineering Journal},
  volume={117},
  pages={510--533},
  year={2025},
  publisher={Elsevier}
}

@inproceedings{deng2009imagenet,
  title={{ImageNet}: A large-scale hierarchical image database},
  author={Deng, Jia and Dong, Wei and Socher, Richard and Li, Li-Jia and Li, Kai and Fei-Fei, Li},
  booktitle={2009 IEEE conference on computer vision and pattern recognition},
  pages={248--255},
  year={2009},
  organization={Ieee}
}

%------------------------------------------------------------

@inproceedings{li2021cutpaste,
  title={{CutPaste}: Self-supervised learning for anomaly detection and localization},
  author={Li, Chun-Liang and Sohn, Kihyuk and Yoon, Jinsung and Pfister, Tomas},
  booktitle={Proceedings of the IEEE/CVF conference on computer vision and pattern recognition},
  pages={9664--9674},
  year={2021}
}

@inproceedings{bergmann2023anomaly,
  title={Anomaly detection in 3d point clouds using deep geometric descriptors},
  author={Bergmann, Paul and Sattlegger, David},
  booktitle={Proceedings of the IEEE/CVF Winter Conference on Applications of Computer Vision},
  pages={2613--2623},
  year={2023}
}

@inproceedings{horwitz2023back,
  title={Back to the feature: classical 3d features are (almost) all you need for 3d anomaly detection},
  author={Horwitz, Eliahu and Hoshen, Yedid},
  booktitle={Proceedings of the IEEE/CVF Conference on Computer Vision and Pattern Recognition},
  pages={2968--2977},
  year={2023}
}

@article{liu2023real3d,
  title={{Real3D-AD}: A dataset of point cloud anomaly detection},
  author={Liu, Jiaqi and Xie, Guoyang and Chen, Ruitao and Li, Xinpeng and Wang, Jinbao and Liu, Yong and Wang, Chengjie and Zheng, Feng},
  journal={Advances in Neural Information Processing Systems},
  volume={36},
  pages={30402--30415},
  year={2023}
}

@inproceedings{roth2022towards,
  title={Towards total recall in industrial anomaly detection},
  author={Roth, Karsten and Pemula, Latha and Zepeda, Joaquin and Sch{\"o}lkopf, Bernhard and Brox, Thomas and Gehler, Peter},
  booktitle={Proceedings of the IEEE/CVF conference on computer vision and pattern recognition},
  pages={14318--14328},
  year={2022}
}

@inproceedings{zhu2024towards,
  title={Towards High-resolution 3D Anomaly Detection via Group-Level Feature Contrastive Learning},
  author={Zhu, Hongze and Xie, Guoyang and Hou, Chengbin and Dai, Tao and Gao, Can and Wang, Jinbao and Shen, Linlin},
  booktitle={Proceedings of the 32nd ACM International Conference on Multimedia},
  pages={4680--4689},
  year={2024}
}

@inproceedings{li2024towards,
  title={Towards scalable 3d anomaly detection and localization: A benchmark via 3d anomaly synthesis and a self-supervised learning network},
  author={Li, Wenqiao and Xu, Xiaohao and Gu, Yao and Zheng, Bozhong and Gao, Shenghua and Wu, Yingna},
  booktitle={Proceedings of the IEEE/CVF Conference on Computer Vision and Pattern Recognition},
  pages={22207--22216},
  year={2024}
}

@inproceedings{zhou2024r3d,
  title={{R3D-AD}: Reconstruction via Diffusion for 3D Anomaly Detection},
  author={Zhou, Zheyuan and Wang, Le and Fang, Naiyu and Wang, Zili and Qiu, Lemiao and Zhang, Shuyou},
  booktitle={European Conference on Computer Vision},
  pages={91--107},
  year={2024},
  organization={Springer}
}

@inproceedings{rusu2009fast,
  title={Fast point feature histograms ({FPFH}) for 3D registration},
  author={Rusu, Radu Bogdan and Blodow, Nico and Beetz, Michael},
  booktitle={2009 IEEE international conference on robotics and automation},
  pages={3212--3217},
  year={2009},
  organization={IEEE}
}

@inproceedings{yu2022point,
  title={{Point-BERT}: Pre-training 3d point cloud transformers with masked point modeling},
  author={Yu, Xumin and Tang, Lulu and Rao, Yongming and Huang, Tiejun and Zhou, Jie and Lu, Jiwen},
  booktitle={Proceedings of the IEEE/CVF conference on computer vision and pattern recognition},
  pages={19313--19322},
  year={2022}
}

@article{samani2022anomaly,
  title={Anomaly detection with vision-based deep learning for epidemic prevention and control},
  author={Samani, Hooman and Yang, Chan-Yun and Li, Chunxu and Chung, Chia-Ling and Li, Shaoxiang},
  journal={Journal of Computational Design and Engineering},
  volume={9},
  number={1},
  pages={187--200},
  year={2022},
  publisher={Oxford University Press}
}

@article{hoang2025unsupervised,
  title={Unsupervised industrial anomaly detection using paired well-lit and low-light images},
  author={Hoang, Dinh-Cuong and Tan, Phan Xuan and Nguyen, Anh-Nhat and Pham, Minh-Khanh and Duong, Ta Huu Anh and Huynh, Tuan-Minh and Bui, Son-Anh and Nguyen, Duc-Manh and Ha, Quang-Huy and Trinh, Viet-Anh and others},
  journal={Journal of Computational Design and Engineering},
  volume={12},
  number={5},
  pages={41--61},
  year={2025},
  publisher={Oxford University Press}
}

@article{ullah2024industrial,
  title={Industrial defective chips detection using deep convolutional neural network with inverse feature matching mechanism},
  author={Ullah, Waseem and Khan, Samee Ullah and Kim, Min Je and Hussain, Altaf and Munsif, Muhammad and Lee, Mi Young and Seo, Daeho and Baik, Sung Wook},
  journal={Journal of Computational Design and Engineering},
  volume={11},
  number={3},
  pages={326--336},
  year={2024},
  publisher={Oxford University Press}
}

@article{tang2024high,
  title={High-performance surface defect detection of aluminum substrate based on event camera},
  author={Tang, Jing and Gong, Zeyu and Fan, Yajun},
  journal={Journal of Computational Design and Engineering},
  volume={11},
  number={6},
  pages={232--243},
  year={2024},
  publisher={Oxford University Press}
}

@article{park2022novel,
  title={Novel industrial surface-defect detection using deep nested convolutional network with attention and guidance modules},
  author={Park, Kyeong-Beom and Lee, Jae Yeol},
  journal={Journal of Computational Design and Engineering},
  volume={9},
  number={6},
  pages={2466--2482},
  year={2022},
  publisher={Oxford University Press}
}

@article{peyre2019computational,
  title={Computational optimal transport: With applications to data science},
  author={Peyr{\'e}, Gabriel and Cuturi, Marco and others},
  journal={Foundations and Trends in Machine Learning},
  volume={11},
  number={5-6},
  pages={355--607},
  year={2019},
  publisher={Now Publishers, Inc.}
}




%------------------------------------------------------

@article{ashrafi2025steel,
  title={Steel surface defect detection and segmentation using deep neural networks},
  author={Ashrafi, Sara and Teymouri, Sobhan and Etaati, Sepideh and Khoramdel, Javad and Borhani, Yasamin and Najafi, Esmaeil},
  journal={Results in Engineering},
  volume={25},
  pages={103972},
  year={2025},
  publisher={Elsevier}
}

@article{yan2025high,
  title={High-Precision Defect Detection and Geometric Verification in Pipe Jacking Projects Using Computer Vision and Point Cloud Data},
  author={Yan, Haofeng and Liu, Changyong and Chen, Zhuliang and Yang, Xincong},
  journal={Results in Engineering},
  pages={105358},
  year={2025},
  publisher={Elsevier}
}

@article{ngo2023design,
  title={Design of automated system for online inspection using the convolutional neural network (CNN) technique in the image processing approach},
  author={Ngo, Ha Quang Thinh},
  journal={Results in Engineering},
  volume={19},
  pages={101346},
  year={2023},
  publisher={Elsevier}
}

@article{nguyen2024optimizing,
  title={Optimizing feature extraction and fusion for high-resolution defect detection in solar cells},
  author={Nguyen, Hoanh and Nguyen, Tuan Anh and Toan, Nguyen Duc},
  journal={Intelligent Systems with Applications},
  volume={24},
  pages={200443},
  year={2024},
  publisher={Elsevier}
}

@article{tian2025application,
  title={Application of Computer Vision Algorithm in Ceramic Surface Texture Analysis and Prediction},
  author={Tian, Yao and Zhu, Feifei},
  journal={Intelligent Systems with Applications},
  pages={200482},
  year={2025},
  publisher={Elsevier}
}

@article{feng2025hyperbolic,
  title={Hyperbolic geometry enhanced feature filtering network for industrial anomaly detection},
  author={Feng, Yanjun and Liu, Jun and Gai, Yonggang},
  journal={Scientific Reports},
  volume={15},
  number={1},
  pages={25668},
  year={2025},
  publisher={Nature Publishing Group UK London}
}

@article{zhang2025unsupervised,
  title={Unsupervised anomaly detection for gearboxes based on the deep convolutional support generative adversarial network},
  author={Zhang, Chengguang and Guo, Zhen and Li, Chuan},
  journal={Scientific Reports},
  volume={15},
  number={1},
  pages={20977},
  year={2025},
  publisher={Nature Publishing Group UK London}
}

@article{tong2025dam,
  title={DAM-Faster RCNN: few-shot defect detection method for wood based on dual attention mechanism},
  author={Tong, Xingyu and Liang, Zhihong and Qin, Mingming and Liu, Fangrong and Yang, Jiayu and Xiao, Hengjiang and Dai, Wei},
  journal={Scientific Reports},
  volume={15},
  number={1},
  pages={22860},
  year={2025},
  publisher={Nature Publishing Group UK London}
}

@article{egodawela2025metal,
  title={Metal loss defect detection and depth estimation using multi-spectral image analysis of cooling excited steel specimen with corrosion},
  author={Egodawela, Shamendra and Gostar, Amirali K and Samith Buddika, HAD and Harischandra, WANI and Dhammika, AJ and Mahmoodian, Mojtaba},
  journal={Scientific Reports},
  volume={15},
  number={1},
  pages={23894},
  year={2025},
  publisher={Nature Publishing Group UK London}
}

@article{song2025rstd,
  title={RSTD-YOLOv7: a steel surface defect detection based on improved YOLOv7},
  author={Song, Hongru},
  journal={Scientific Reports},
  volume={15},
  number={1},
  pages={19649},
  year={2025},
  publisher={Nature Publishing Group UK London}
}

@article{hoang2025image,
  title={Image-based anomaly detection in low-light industrial environments with feature enhancement},
  author={Hoang, Dinh-Cuong and Tan, Phan Xuan and Nguyen, Anh-Nhat and Bui, Son-Anh and Duong, Ta Huu Anh and Huynh, Tuan-Minh and Nguyen, Duc-Manh and Trinh, Viet-Anh and Ha, Quang-Huy and Long, Nguyen Dinh Bao and others},
  journal={Results in Engineering},
  volume={25},
  pages={104309},
  year={2025},
  publisher={Elsevier}
}

@article{hoang2025vistogeo,
  title={Unsupervised visual-to-geometric feature reconstruction for vision-based industrial anomaly detection},
  author={Hoang, Dinh-Cuong and Tan, Phan Xuan and Nguyen, Anh-Nhat and Tran, Duc-Thanh and Duong, Van-Hiep and Mai, Anh-Truong and Pham, Duc-Long and Phan, Khanh-Toan and Do, Minh-Quang and Duong, Ta Huu Anh and others},
  journal={IEEE Access},
  year={2025},
  publisher={IEEE}
}

%--------------------------------Mamba-----------------------------------------

@article{gu2020hippo,
  title={Hippo: Recurrent memory with optimal polynomial projections},
  author={Gu, Albert and Dao, Tri and Ermon, Stefano and Rudra, Atri and R{\'e}, Christopher},
  journal={Advances in neural information processing systems},
  volume={33},
  pages={1474--1487},
  year={2020}
}

@article{gu2021efficiently,
  title={Efficiently modeling long sequences with structured state spaces},
  author={Gu, Albert and Goel, Karan and R{\'e}, Christopher},
  journal={arXiv preprint arXiv:2111.00396},
  year={2021}
}

@article{gu2021combining,
  title={Combining recurrent, convolutional, and continuous-time models with linear state space layers},
  author={Gu, Albert and Johnson, Isys and Goel, Karan and Saab, Khaled and Dao, Tri and Rudra, Atri and R{\'e}, Christopher},
  journal={Advances in neural information processing systems},
  volume={34},
  pages={572--585},
  year={2021}
}

@article{gu2022parameterization,
  title={On the parameterization and initialization of diagonal state space models},
  author={Gu, Albert and Goel, Karan and Gupta, Ankit and R{\'e}, Christopher},
  journal={Advances in Neural Information Processing Systems},
  volume={35},
  pages={35971--35983},
  year={2022}
}

@article{smith2022simplified,
  title={Simplified state space layers for sequence modeling},
  author={Smith, Jimmy TH and Warrington, Andrew and Linderman, Scott W},
  journal={arXiv preprint arXiv:2208.04933},
  year={2022}
}

@article{gu2023mamba,
  title={Mamba: Linear-time sequence modeling with selective state spaces},
  author={Gu, Albert and Dao, Tri},
  journal={arXiv preprint arXiv:2312.00752},
  year={2023}
}

@article{vaswani2017attention,
  title={Attention is all you need},
  author={Vaswani, Ashish and Shazeer, Noam and Parmar, Niki and Uszkoreit, Jakob and Jones, Llion and Gomez, Aidan N and Kaiser, {\L}ukasz and Polosukhin, Illia},
  journal={Advances in neural information processing systems},
  volume={30},
  year={2017}
}

@inproceedings{zhu2024vision,
  title={Vision mamba: efficient visual representation learning with bidirectional state space model},
  author={Zhu, Lianghui and Liao, Bencheng and Zhang, Qian and Wang, Xinlong and Liu, Wenyu and Wang, Xinggang},
  booktitle={Proceedings of the 41st International Conference on Machine Learning},
  pages={62429--62442},
  year={2024}
}

@article{liu2024vmamba,
  title={Vmamba: Visual state space model},
  author={Liu, Yue and Tian, Yunjie and Zhao, Yuzhong and Yu, Hongtian and Xie, Lingxi and Wang, Yaowei and Ye, Qixiang and Jiao, Jianbin and Liu, Yunfan},
  journal={Advances in neural information processing systems},
  volume={37},
  pages={103031--103063},
  year={2024}
}

@inproceedings{guo2024mambair,
  title={Mambair: A simple baseline for image restoration with state-space model},
  author={Guo, Hang and Li, Jinmin and Dai, Tao and Ouyang, Zhihao and Ren, Xudong and Xia, Shu-Tao},
  booktitle={European conference on computer vision},
  pages={222--241},
  year={2024},
  organization={Springer}
}

@article{liang2024pointmamba,
  title={Pointmamba: A simple state space model for point cloud analysis},
  author={Liang, Dingkang and Zhou, Xin and Xu, Wei and Zhu, Xingkui and Zou, Zhikang and Ye, Xiaoqing and Tan, Xiao and Bai, Xiang},
  journal={Advances in neural information processing systems},
  volume={37},
  pages={32653--32677},
  year={2024}
}

@inproceedings{han2024mamba3d,
  title={Mamba3d: Enhancing local features for 3d point cloud analysis via state space model},
  author={Han, Xu and Tang, Yuan and Wang, Zhaoxuan and Li, Xianzhi},
  booktitle={Proceedings of the 32nd ACM International Conference on Multimedia},
  pages={4995--5004},
  year={2024}
}

@article{zha2024lcm,
  title={Lcm: Locally constrained compact point cloud model for masked point modeling},
  author={Zha, Yaohua and Li, Naiqi and Wang, Yanzi and Dai, Tao and Guo, Hang and Chen, Bin and Wang, Zhi and Ouyang, Zhihao and Xia, Shu-Tao},
  journal={Advances in Neural Information Processing Systems},
  volume={37},
  pages={104816--104842},
  year={2024}
}

@article{samrouth2025dual,
  title={Dual CNN for photovoltaic electroluminescence images microcrack detection},
  author={Samrouth, Khouloud and Nazir, Souha and Bakir, Nader and Khodor, Nadine},
  journal={Array},
  pages={100442},
  year={2025},
  publisher={Elsevier}
}

@article{casas2024comparative,
  title={A comparative study of YOLOv5 and YOLOv8 for corrosion segmentation tasks in metal surfaces},
  author={Casas, Edmundo and Ramos, Leo and Romero, Cristian and Rivas-Echeverria, Francklin},
  journal={Array},
  volume={22},
  pages={100351},
  year={2024},
  publisher={Elsevier}
}

@article{liu2025improved,
  title={An improved U-Net based method for predicting cable tunnel cracks},
  author={Liu, Ruipeng and He, Zebin and Zhang, Jieyan and Chen, Pengfei and Quan, Wanlin and Liu, Shuang and Liu, Yunxun},
  journal={Array},
  pages={100421},
  year={2025},
  publisher={Elsevier}
}